<record><leader>00000cas a22000007a 4500</leader><controlfield tag="001">24918417</controlfield><controlfield tag="008">911209c19839999ohuwr ne      0    0eng d</controlfield><datafield ind1=" " ind2=" " tag="010"><subfield code="a">sn 91074648 </subfield></datafield><datafield ind1=" " ind2=" " tag="040"><subfield code="a">ONP</subfield><subfield code="b">eng</subfield><subfield code="c">ONP</subfield><subfield code="d">OCLCQ</subfield></datafield><datafield ind1=" " ind2=" " tag="042"><subfield code="a">msc</subfield></datafield><datafield ind1="0" ind2="0" tag="245"><subfield code="a">South Central Ohio shopper's guide.</subfield></datafield><datafield ind1=" " ind2=" " tag="260"><subfield code="a">Washington C.H., Ohio :</subfield><subfield code="b">Lonnie Wilson</subfield></datafield><datafield ind1=" " ind2=" " tag="300"><subfield code="a">v.</subfield></datafield><datafield ind1=" " ind2=" " tag="310"><subfield code="a">Weekly</subfield></datafield><datafield ind1="1" ind2=" " tag="362"><subfield code="a">Began with June 6, 1983 issue.</subfield></datafield><datafield ind1=" " ind2=" " tag="588"><subfield code="a">Description based on: Jan. 1, 1990 issue.</subfield></datafield><datafield ind1=" " ind2=" " tag="752"><subfield code="a">United States</subfield><subfield code="b">Ohio</subfield><subfield code="c">Fayette</subfield><subfield code="d">Washington Court House.</subfield></datafield><datafield ind1="1" ind2=" " tag="775"><subfield code="t">Clinton County shopper's guide</subfield><subfield code="w">(DLC)sn 91075641</subfield></datafield></record>